@article{sharrif2011aloe,
  title={Aloe vera their chemicals composition and applications: A review},
  author={Sharrif Moghaddasi, M and Res, M},
  journal={Int J Biol Med Res},
  volume={2},
  number={1},
  pages={466--71},
  year={2011},
  publisher={Citeseer}
}

@article{harnad2004access,
  title={The access/impact problem and the green and gold roads to open access},
  author={Harnad, Stevan and Brody, Tim and Valli{\~A}{\"{}} res, Fran{\~A} {\S}} ois and Carr, Les and Hitchcock, Steve and Gingras, Yves and Oppenheim, Charles and Stamerjohanns, Heinrich and Hilf, Eberhard R},
  journal={Serials review},
  volume={30},
  number={4},
  pages={310--314},
  year={2004},
  publisher={Taylor \& Francis}
}