@article1{dos1996textual,
  title={The textual organization of research paper abstracts in applied linguistics},
  author={Dos Santos, Mauro Bittencourt},
  journal={Text \& Talk},
  volume={16},
  number={4},
  pages={481--500},
  year={1996},
  publisher={De Gruyter Berlin, New York}
}

@article2{haggan2004research,
  title={Research paper titles in literature, linguistics and science: Dimensions of attraction},
  author={Haggan, Madeline},
  journal={Journal of pragmatics},
  volume={36},
  number={2},
  pages={293--317},
  year={2004},
  publisher={Elsevier}
}